@article{knf2022,
    title = "KNF-onderzoek bij trillen en schokken",
    author = "Dr. M.E. van Egmond and Dr. A.F. van Rootselaar",
    pages = "135-161",
    journal = "Nascholing laboranten KNF",
    year = "2022",
    publisher = "Nederlandse Vereniging van Laboranten Klinische Neurofysiologie"
}

@article{elsevier2022,
    title = "Essential tremor: Clinical perspectives and pathophysiology",
    author = "Ming-Kai Pan and Sheng-Han Kuo",
    journal = "Journal of the Neurological Sciences",
    volume = "435",
    year = "2022",
    publisher = "Elsevier",
}

@article{frontiers2022,
    title = "A standardized accelerometry method for characterizing tremor: Application and validation in an ageing population with postural and action tremor",
    author = "Etienne Gauthier-Lafreniere and Meshal Aljassar and Vladimir V. Rymar and John Milton and Abbas F. Sadikot",
    journal = "Frontiers in Neuroinformatics",
    volume = "16",
    year = "2022",
    publisher = "Frontiers",
}

@book{elegoo,
    title = "The Most Complete Starter Kit for MEGA 2560",
    author = "Elegoo",
    publisher = "Elegoo Inc.",
    year = "2021",
}